@misc{fasterrcnn,
  doi       = {10.48550/ARXIV.1506.01497},
  url       = {https://arxiv.org/abs/1506.01497},
  author    = {Ren, Shaoqing and He, Kaiming and Girshick, Ross and Sun, Jian},
  keywords  = {Computer Vision and Pattern Recognition (cs.CV), FOS: Computer and information sciences, FOS: Computer and information sciences},
  title     = {Faster R-CNN: Towards Real-Time Object Detection with Region Proposal Networks},
  publisher = {arXiv},
  year      = {2015},
  copyright = {arXiv.org perpetual, non-exclusive license}
}


@misc{retinanet,
  doi       = {10.48550/ARXIV.1708.02002},
  url       = {https://arxiv.org/abs/1708.02002},
  author    = {Lin, Tsung-Yi and Goyal, Priya and Girshick, Ross and He, Kaiming and Doll√°r, Piotr},
  keywords  = {Computer Vision and Pattern Recognition (cs.CV), FOS: Computer and information sciences, FOS: Computer and information sciences},
  title     = {Focal Loss for Dense Object Detection},
  publisher = {arXiv},
  year      = {2017},
  copyright = {arXiv.org perpetual, non-exclusive license}
}

@misc{sahi,
  doi       = {10.48550/ARXIV.2202.06934},
  url       = {https://arxiv.org/abs/2202.06934},
  author    = {Akyon, Fatih Cagatay and Altinuc, Sinan Onur and Temizel, Alptekin},
  keywords  = {Computer Vision and Pattern Recognition (cs.CV), Machine Learning (cs.LG), FOS: Computer and information sciences, FOS: Computer and information sciences},
  title     = {Slicing Aided Hyper Inference and Fine-tuning for Small Object Detection},
  publisher = {arXiv},
  year      = {2022},
  copyright = {arXiv.org perpetual, non-exclusive license}
}

@article{mar,
  doi       = {10.1109/tpami.2015.2465908},
  url       = {https://doi.org/10.1109%2Ftpami.2015.2465908},
  year      = 2016,
  month     = {apr},
  publisher = {Institute of Electrical and Electronics Engineers ({IEEE})},
  volume    = {38},
  number    = {4},
  pages     = {814--830},
  author    = {Jan Hosang and Rodrigo Benenson and Piotr Dollar and Bernt Schiele},
  title     = {What Makes for Effective Detection Proposals?},
  journal   = {{IEEE} Transactions on Pattern Analysis and Machine Intelligence}
}
